Automatically generated by Mendeley Desktop 1.15
Any changes to this file will be lost if it is regenerated by Mendeley.

BibTeX export options can be customized via Preferences -> BibTeX in Mendeley Desktop

@online{jsontoobig,
author = {Josh Zeigler},
title = {How Big is Too Big For JSON?},
publisher = {Josh Zeigler US},
year = {2012},
url = {http://josh.zeigler.us/technology/web-development/how-big-is-too-big-for-json/}
}

@online{jsonfatfree2006,
author = {Douglas Crockford},
title = {JSON: The Fat-Free Alternative to XML},
publisher = {JSON Org},
year = {2006},
url = {http://www.json.org/fatfree.html}
}

@online{wmsosm,
author = {Vladimir Agafonkin},
title = {WMS in Leaflet},
publisher = {Leaflet},
year = {2015},
url = {http://leafletjs.com/examples/wms/wms.html}
}

@online{boxoffice,
author = {Mathew Block, Lee Byron},
title = {The Ebb and Flow of Movies: Box Office Receipts 1986-2008},
publisher = {New York Times},
year = {2008},
url = {http://www.nytimes.com/interactive/2008/02/23/movies/20080223_REVENUE_GRAPHIC.html}
}

@online{cbg2016,
author = {S. Evans, R. Pearce},
title = {{Mapped: How Germany generates its electricity}},
publisher = {Carbon Brief},
year = {2016},
url = {https://www.carbonbrief.org/how-germany-generates-its-electricity}
}

@online{cbuk2016,
author = {S. E, R. P},
title = {{Mapped: How the UK generates its electricity}},
publisher = {Carbon Brief},
year = {2015},
url = {https://www.carbonbrief.org/mapped-how-the-uk-generates-its-electricity}
}

@online{eiagov,
author = {Eia},
title = {Annual Energy Outlook 20017},
publisher = {U.S. Energy Information Administration},
year = {2017},
pages = {57--65},
url = {http://www.eia.gov/outlooks/aeo/pdf/0383(2017).pdf}
}

@online{leaflet07,
author = {Malcolm Maclean},
title = {Leaflet Tips and Tricks},
publisher = {Leanpub},
year = {2014},
url = {https://leanpub.com/leaflet-tips-and-tricks/read}
}

@online{wp2015,
author = {John Muyskens, Dan Keating and Samuel Granados},
title = {Mapping how the United States generates its electricity},
publisher = {The Washington Post},
year = {2015},
url = {https://www.washingtonpost.com/graphics/national/power-plants}
}

@online{gportal2016,
author = {Geoportal DE},
title = {Kraftwerke ab 100 MW},
publisher = {Geoportal Deutschland},
year = {2016},
url = {http://www.geoportal.de/DE/Geoportal/Karten/karten.html}
}

@online{geojson16,
author = {H. Butler, M. Daly},
title = {The GeoJSON Format Specification},
publisher = {GeoJson Org},
year = {2008},
url = {http://www.geojson.org/geojson-spec.html}
}

@article{Byron2008,
 author = {Byron, Lee and Wattenberg, Martin},
 title = {{Stacked Graphs -- Geometry \& Aesthetics}},
 journal = {IEEE Transactions on Visualization and Computer Graphics},
 issue_date = {November 2008},
 volume = {14},
 number = {6},
 month = nov,
 year = {2008},
 issn = {1077-2626},
 pages = {1245--1252},
 numpages = {8},
 url = {http://dx.doi.org/10.1109/TVCG.2008.166},
 doi = {10.1109/TVCG.2008.166},
 acmid = {1477421},
 publisher = {IEEE Educational Activities Department},
 address = {Piscataway, NJ, USA},
 keywords = {Index Terms\&\#8212, Streamgraph, Streamgraph, ThemeRiver, listening history, last.fm, aesthetics, communication-minded visualization, time series, ThemeRiver, aesthetics, communication-minded visualization, last.fm, listening history, time series}
} 

@article{981848,
author={S. Havre and E. Hetzler and P. Whitney and L. Nowell}, journal={IEEE Transactions on Visualization and Computer Graphics},
title={{ThemeRiver: visualizing thematic changes in large document collections}}, 
year={2002}, 
volume={8}, 
number={1}, 
pages={9-20}, 
keywords={data visualisation;information analysis;ThemeRiver;causality;coloured currents;context framework;directed flow;external events;large document collections;pattern discernment;relationships;river composition;river metaphor;river width;selected thematic content;temporal change;thematic change visualization;thematic strength;thematic variations;time-line;trend analysis;Computer Society;Data visualization;Displays;Graphics;Humans;Information retrieval;Rivers;Self organizing feature maps;Wire}, doi={10.1109/2945.981848},
ISSN={1077-2626}, 
month={Jan}
}

@INPROCEEDINGS{1261490,
author={W. Muller and H. Schumann},
booktitle={Proceedings of the 2003 Winter Simulation Conference, 2003.}, title={Visualization methods for time-dependent data - an overview}, year={2003}, volume={1},
pages={737-745 Vol.1},
keywords={data analysis;data visualisation;time series;data analysis;dynamic presentation techniques;event-based visualization;graphs;large datasets;multiparameter data;multivariate data sets;taxonomy;time-dependent data;time-series data;visualization methods;Computer science;Data analysis;Data engineering;Data visualization;History;Humans;Mathematics;Sensor phenomena and characterization;Taxonomy;Time series analysis}, doi={10.1109/WSC.2003.1261490}, month={Dec}
}

@article {CGF12910,
author = {Di Bartolomeo, Marco and Hu, Yifan},
title = {{There is More to Streamgraphs than Movies: Better Aesthetics via Ordering and Lassoing}},
journal = {Computer Graphics Forum},
volume = {35},
number = {3},
issn = {1467-8659},
url = {http://dx.doi.org/10.1111/cgf.12910},
doi = {10.1111/cgf.12910},
pages = {341--350},
keywords = {Categories and Subject Descriptors (according to ACM CCS), I.3.3 [Computer Graphics]: Picture/Image Generationâ€”Line and curve generation},
year = {2016}
}


